@article{Gattungen,
author = {Charles Ehresmann},
title = {Gattungen von lokalen Strukturen},
journal = {Jahresbericht der Deutschen Mathematiker-Vereinigung},
volume = {60},
pages = {49-77},
year = {1958}
}

@article{Quotients,
author = {Dowker, C. H. and Papert, Dona},
title = {Quotient Frames and Subspaces},
journal = {Proceedings of the London Mathematical Society},
volume = {s3-16},
number = {1},
pages = {275-296},
doi = {https://doi.org/10.1112/plms/s3-16.1.275},
url = {https://londmathsoc.onlinelibrary.wiley.com/doi/abs/10.1112/plms/s3-16.1.275},
eprint = {https://londmathsoc.onlinelibrary.wiley.com/doi/pdf/10.1112/plms/s3-16.1.275},
year = {1966}
}

@article{atomless-parts,
 ISSN = {00255521, 19031807},
 URL = {http://www.jstor.org/stable/24490585},
 author = {JOHN R. ISBELL},
 journal = {Mathematica Scandinavica},
 number = {1},
 pages = {5--32},
 publisher = {Mathematica Scandinavica},
 title = {ATOMLESS PARTS OF SPACES},
 volume = {31},
 year = {1972}
}

@incollection{fourman1979sheaves,
  title={Sheaves and logic},
  author={Fourman, Michael P and Scott, Dana S},
  booktitle={Applications of sheaves},
  pages={302--401},
  year={1979},
  publisher={Springer}
}


@misc{simmons2001point,
  title={The point-free approach to sheafification},
  author={Simmons, Harold},
  year={2001},
  publisher={Citeseer}
}


@phdthesis{wilson1994assembly,
  title={The assembly tower and some categorical and algebraic aspects of frame theory},
  author={Wilson, J Todd},
  school={Carnegie Mellon University},
	year={1994},
  institution={DTIC Document}
}

@book{mac1992sheaves,
  title={Sheaves in geometry and logic},
  author={Mac Lane, Saunders and Moerdijk, Ieke},
  year={1992},
  publisher={Springer Science \& Business Media}
}


@book{johnstone1986stone,
  title={Stone spaces},
  author={Johnstone, Peter T},
  volume={3},
  year={1986},
  publisher={Cambridge University Press}
}

@article{simmonshigher,
  title={The higher level CB properties of frames},
  author={Simmons, Harold}
}


